<?xml version="1.0" encoding="UTF-8"?>
<utfx:tests xmlns:utfx="http://utfx.org/test-definition">
    <!--
#
#    Copyright (C) 2005-2006  Distance and e-Learning Centre, 
#    University of Southern Queensland
#
#    This program is free software; you can redistribute it and/or modify
#    it under the terms of the GNU General Public License as published by
#    the Free Software Foundation; either version 2 of the License, or
#    (at your option) any later version.
#
#    This program is distributed in the hope that it will be useful,
#    but WITHOUT ANY WARRANTY; without even the implied warranty of
#    MERCHANTABILITY or FITNESS FOR A PARTICULAR PURPOSE.  See the
#    GNU General Public License for more details.
#
#    You should have received a copy of the GNU General Public License
#    along with this program; if not, write to the Free Software
#    Foundation, Inc., 59 Temple Place, Suite 330, Boston, MA  02111-1307  USA
#

    -->
    <utfx:stylesheet src="eprints_xml_to_marc.xsl"/>



    <!-- Item Title -->
    <utfx:test>
        <utfx:name>245 Item Title</utfx:name>
        <utfx:assert-equal>
            <utfx:source validate="no">
                
                <record>
                    <field name="title">This is the title of an eprints record</field>
                </record>
                    
            </utfx:source>
            <utfx:expected validate="no">
                <collection xmlns:marc="http://www.loc.gov/MARC21/slim" xmlns:xsi="http://www.w3.org/2001/XMLSchema-instance">
                    <record>
                    <leader>00000nam a22000002a 4500</leader>
                    <controlfield tag="008"/>
                    <datafield tag="245" ind1="1" ind2="0">
                        <subfield code="a">This is the title of an eprints record</subfield>
                    </datafield>
                    <datafield tag="041" ind1="0" ind2=" ">
                        <subfield code="a">eng </subfield>
                    </datafield>
                    <datafield tag="546" ind1=" " ind2=" ">
                        <subfield code="a">en-aus</subfield>
                    </datafield>
                        </record>
                </collection>
            </utfx:expected>
        </utfx:assert-equal>
    </utfx:test>
    <!-- Item Title THE -->
    <utfx:test>
        <utfx:name>245 Item Title THE</utfx:name>
        <utfx:assert-equal>
            <utfx:source validate="no">
                <record>
                    <field name="title">The title</field>
                </record>