
            </utfx:source>
            <utfx:expected validate="no">
                <collection xmlns:marc="http://www.loc.gov/MARC21/slim" xmlns:xsi="http://www.w3.org/2001/XMLSchema-instance">
                    <record>
                    <leader>00000nam a22000002a 4500</leader>
                    <controlfield tag="008"/>
                    <datafield tag="245" ind1="1" ind2="4">
                        <subfield code="a">The title</subfield>
                    </datafield>
                    <datafield tag="041" ind1="0" ind2=" ">
                        <subfield code="a">eng </subfield>
                    </datafield>
                    <datafield tag="546" ind1=" " ind2=" ">
                        <subfield code="a">en-aus</subfield>
                    </datafield>
                        </record>
                </collection>
            </utfx:expected>
        </utfx:assert-equal>
    </utfx:test>
    <!-- Item Title A -->
    <utfx:test>
        <utfx:name>245 Item Title A</utfx:name>
        <utfx:assert-equal>
            <utfx:source validate="no">
                <record>
                    <field name="title">A title</field>
                </record>