
            </utfx:source>
            <utfx:expected validate="no">
                <collection xmlns:marc="http://www.loc.gov/MARC21/slim" xmlns:xsi="http://www.w3.org/2001/XMLSchema-instance">
                    <record>
                        <leader>00000nam a22000002a 4500</leader>
                        <controlfield tag="008"></controlfield>
                        <datafield tag="245" ind1="1" ind2="0">
                            <subfield code="a">This is the title of an eprints record</subfield></datafield>
                        <datafield tag="100" ind1="1" ind2=" "><subfield code="a">Ahmed, M W</subfield>
                        </datafield>
                        <datafield tag="700" ind1="1" ind2=" "><subfield code="a"> Neller, R J</subfield>
                        </datafield>
                        <datafield tag="700" ind1="1" ind2=" "><subfield code="a"> Katouli, M</subfield>
                        </datafield>
                        <datafield tag="260" ind1=" " ind2=" "><subfield code="a">UK</subfield>
                            <subfield code="b">The Society for Applied Microbiology</subfield>
                            <subfield code="c">2005</subfield>
                        </datafield>
                        <datafield tag="300" ind1=" " ind2=" "><subfield code="a">11</subfield>
                        </datafield>
                        <datafield tag="773" ind1="0" ind2="8"><subfield code="t">Journal of Applied Microbiology</subfield>
                            <subfield code="g">Vol. 98, no. 4, pp910-920</subfield>
                            <subfield code="n">1</subfield>
                        </datafield>
                        
                        
                        <datafield tag="655" ind1=" " ind2="7"><subfield code="a">journal article </subfield>
                            
                        </datafield>
                        <datafield tag="595" ind1=" " ind2=" "><subfield code="a">Refereed, Research</subfield>
                        </datafield>
                        <datafield tag="596" ind1=" " ind2=" "><subfield code="a">C1</subfield>
                        </datafield>
                        <datafield tag="041" ind1="0" ind2=" "><subfield code="a">eng</subfield>
                        </datafield>
                        <datafield tag="546" ind1="0" ind2=" "><subfield code="a">eng</subfield>
                        </datafield>
                        
                    </record>
                 <datafield tag="041" ind1="0" ind2=" ">                         <subfield code="a">eng </subfield>                     </datafield>                     <datafield tag="546" ind1=" " ind2=" ">                         <subfield code="a">en-aus</subfield>                     </datafield></collection>
            </utfx:expected>
        </utfx:assert-equal>
    </utfx:test>
    -->


</utfx:tests>
